@string{lncs = {LNCS}}
@string{entcs = {ENTCS}}
@string{icps = {International Conference Proceedings Series}}

@inproceedings{WCGN:PPDP13,
  author = {Yuting Wang and Kaustuv Chaudhuri and Andrew Gacek
                  and Gopalan Nadathur},
  title = {Reasoning About Higher-Order Relational
                  Specifications},
  booktitle = {15th International ACM SIGPLAN Symposium on Principles and
                  Practice of Declarative Programming (PPDP)},
  year = 2013,
  pages = {157--168},
  publisher = {ACM Press}
}

@article{WCGN:CoRR13,
  author =	 {Yuting Wang and Kaustuv Chaudhuri and Andrew Gacek
                  and Gopalan Nadathur},
  title =	 {Reasoning About Higher-Order Relational
                  Specifications},
  journal =	 {CoRR},
  volume =	 {abs/1302.2584},
  year =	 2013,
  url =		 {http://arxiv.org/abs/1302.2584}
}

@article{FMP:CoRR15,
  author = {Amy P. Felty and Alberto Momigliano and Brigitte
                  Pientka},
  title = {The Next 700 Challenge Problems for Reasoning with
                  Higher-Order Abstract Syntax Representations: Part
                  1---A Common Infrastructure for Benchmarks},
  journal = {CoRR},
  volume = {abs/1503.06095},
  year = {2015},
  url = {http://arxiv.org/abs/1503.06095}
}

@article{FMP:JAR15,
  author = {Amy P. Felty and Alberto Momigliano and Brigitte
                  Pientka},
  title = {The Next 700 Challenge Problems for Reasoning with
                  Higher-Order Abstract Syntax Representations: Part
                  2---A Survey},
  journal = {Journal of Automated Reasoning},
  volume =	 55,
  number =	 4,
  pages =	 {307--372},
  year = 2015
}

@inproceedings{FMP:LFMTP15,
  author    = {Amy P. Felty and
               Alberto Momigliano and
               Brigitte Pientka},
  title     = {An Open Challenge Problem Repository for Systems
                  Supporting Binders},
  booktitle = {10th International Workshop on Logical Frameworks and
               Meta Languages: Theory and Practice (LFMTP)},
  pages     = {18--32},
  series = {Electronic Proceedings in Theoretical Computer Science},
  volume = 185,
  year      = {2015}}

@article{FeltyMomigliano:JAR10,
  author =	 {Amy P. Felty and Alberto Momigliano},
  title =	 {Hybrid: A Definitional Two-Level Approach to
                  Reasoning with Higher-Order Abstract Syntax},
  journal =	 {Journal of Automated Reasoning},
  volume =	 48,
  number =	 1,
  year =	 2012,
  pages =	 {43--105}
}

@book{LProlog,
  author = {Dale Miller and Gopalan Nadathur},
  title = {Programming with Higher-Order Logic},
  publisher = {Cambridge University Press},
  year = 2012,
  month = {June}
}

@ARTICLE{McDowellMiller:TOCL01,
  author = {Raymond McDowell and Dale Miller},
  title = {Reasoning with Higher-Order Abstract Syntax in a
                  Logical Framework},
  journal = {ACM Transactions on Computational Logic},
  year = 2002,
  volume = 3,
  number = 1,
  pages = {80--136},
  month = {January}
}

@inproceedings{Gacek:IJCAR08,
  author =	 {Andrew Gacek},
  title =	 {The {A}bella Interactive Theorem Prover (System
                  Description)},
  year =	 2008,
  booktitle =	 {4th International Joint Conference on Automated
                  Reasoning (IJCAR)},
  pages =	 {154--161},
  publisher =	 {Springer},
  series =	 lncs,
  volume =	 5195
}

@inproceedings{Pientka:IJCAR10,
  author =	 {Brigitte Pientka and Joshua Dunfield},
  title =	 {Beluga: A Framework for Programming and Reasoning
                  with Deductive Systems (System Description)},
  booktitle =	 {5th International Joint Conference on Automated
                  Reasoning (IJCAR)},
  series =	 lncs,
  volume =	 6173,
  pages =	 {15--21},
  publisher =	 {Springer},
  year =	 2010
}

@Inproceedings{Pientka:TPHOLs07,
author="Brigitte Pientka",
title="Proof Pearl: The Power of Higher-Order Encodings in the Logical
                  Framework LF", 
booktitle="20th International Conference on Theorem Proving in
                  Higher Order Logics (TPHOLs)",
year="2007",
series = lncs,
volume = 4732,
publisher="Springer",
pages="246--261",
}

@inproceedings{Aydemir05TPHOLs,
  author =       {Brian E. Aydemir and others},
  title =        {Mechanized Metatheory for the Masses: The \textsc{PoplMark}
                  Challenge},
  pages =        {50--65},
  booktitle =    {18th International Conference on Theorem Proving in
                  Higher Order Logics (TPHOLs)},
  series =       lncs,
  volume =       3603,
  year =         2005,
  publisher =    {Springer},
}

@article{Pfenning:IC00,
  author =	 {Frank Pfenning},
  title =	 {Structural Cut Elimination {I}: Intuitionistic and
                  Classical Logic},
  journal =	 {Information and Computation},
  volume =	 157,
  number =	 {1/2},
  year =	 2000,
  pages =	 {84--141}
}

@Book{Girard89,
	Author={Jean-Yves Girard and Paul Taylor and Yves Lafont},
	Title={Proofs and Types},
	Publisher={Cambridge University Press},
	Year=1989}

@Book{BertotCasteran:2004,
  author =       {Yves Bertot and Pierre Cast\'{e}ran},
  title =        {Interactive Theorem Proving and Program Development.
                 Coq'Art: The Calculus of Inductive Constructions},
  publisher =    {Springer},
  year =         2004,
}

@InProceedings{PaulinMohring93,
  author =       {Christine Paulin-Mohring},
  title =        {Inductive Definitions in the System {Coq}: Rules and
                 Properties},
  booktitle =    {International Conference on Typed Lambda Calculi and
                  Applications},
  series =	 lncs,
  volume =       664,
  pages =        {328--345},
  publisher =    {Springer},
  year =         1993
}

@Article{Church40,
  author =       "Alonzo Church",
  title =        "A Formulation of the Simple Theory of Types",
  journal =      "Journal of Symbolic Logic",
  year =         "1940",
  volume =       "5",
  pages =        "56--68"
}

@inproceedings{TwelfSP,
  author = {Carsten Sch{\"u}rmann},
  title = {The {Twelf} Proof Assistant},
  booktitle = {22nd International Conference on Theorem Proving in
                  Higher Order Logics},
  year = 2009,
  pages = {79--83},
  volume = 5674,
  series = lncs,
  publisher = {Springer}
}

@Article{MillerTiu:TOCL05,
  author =       "Dale Miller and Alwen Tiu",
  title =        "A Proof Theory for Generic Judgments",
  journal =      "ACM Transactions on Computational Logic",
  volume =       "6",
  number =       "4",
  year =         "2005",
  pages =        "749--783",
  publisher =    "ACM Press",
  address =      "New York, NY, USA",
}

@article{MillerP99,
  author    = {Dale Miller and
               Catuscia Palamidessi},
  title     = {Foundational Aspects of Syntax},
  journal   = {ACM Computing Surveys},
  volume    = {31},
  number    = {3es},
  year      = {1999},
  pages     = {1--6},
  note      = {{Article No. 11}}}

